@inproceedings{genprog-icse2012,
  author    = {Claire {Le Goues} and
               Michael Dewey-Vogt and
               Stephanie Forrest and
               Westley Weimer},
  title     = {A systematic study of automated program repair: Fixing 55
               out of 105 bugs for \$8 each},
  year      = {2012},
  pages     = {3-13},
  ee        = {http://dx.doi.org/10.1109/ICSE.2012.6227211},
  editor    = {Martin Glinz and
               Gail C. Murphy and
               Mauro Pezz{\`e}},
  booktitle     = {International Conference on Software Engineering},
  publisher = {IEEE},
  isbn      = {978-1-4673-1067-3},
  bibsource = {DBLP, http://dblp.uni-trier.de}
}